
@article{navajo2011,
 title = {Welcome to the Navajo Nation Government: Official Site of the Navajo Nation},
 year = {2011},
 url ={ Retrieved from https://www.navajo-nsn.gov/.}
}
 
@misc{becentispeech,
 title = {Great documents in American Indian history},
 author = {Moquin, W. and Van Doren, C.},
 year = {1973},
 publisher = {Praeger}
}

@article {hirschfelder2018,
 title = {I is for Ignoble: Stereotyping Native Americans.},
 author = {Hirschfelder, A. and Molin, P. F. },
 year = {2018},
 url = {Retrieved from https://www.ferris.edu/HTMLS/news/jimcrow/native/homepage.htm.}
}

@article{quinn1999,
  title = {Myopia and Ambient Lighting at Night},
  author = {Quinn, G. E. and Shin, C. H. and Maguire, M. G. and Stone, R. A.},
  year = {1999},
  volume = {399},
  pages = {113--114},
  issn = {0028-0836},
  doi = {10.1038/20094},
  journal = {Nature},
  number = {6732},
  pmid = {10335839}
}

@misc{ramachandran2007,
  title = {3 Clues to Understanding Your Brain},
  author = {Ramachandran, V.},
  year = {2007},
  url = {https://www.ted.com/talks/vs_ramachandran_3_clues_to_understanding_your_brain}
}

@article{richardson2019,
  title = {Left-Handedness Is Associated with Greater Fighting Success in Humans},
  author = {Richardson, T. and Gilman, R. T.},
  year = {2019},
  volume = {9},
  pages = {15402},
  publisher = {{Nature Publishing Group}},
  issn = {2045-2322},
  doi = {10.1038/s41598-019-51975-3},
  journal = {Scientific Reports},
  number = {1}
}

@article{stewart2014,
  title = {Rapid Antigen Group A Streptococcus Test to Diagnose Pharyngitis: A Systematic Review and Meta-Analysis},
  author = {Stewart, E. H. and Davis, B. and {Clemans-Taylor}, B. L. and Littenberg, B. and Estrada, C. A. and Centor, R. M.},
  year = {2014},
  volume = {9},
  issn = {1932-6203},
  doi = {10.1371/journal.pone.0111727},
  number = {11},
  pmcid = {PMC4219770},
  pmid = {25369170}
}

@article{sulheim2017,
  title = {Helmet Use and Risk of Head Injuries in Alpine Skiers and Snowboarders: Changes after an Interval of One Decade},
  author = {Sulheim, S. and Ekeland, A. and Holme, I. and Bahr, R.},
  year = {2017},
  volume = {51},
  pages = {44--50},
  publisher = {{BMJ Publishing Group Ltd and British Association of Sport and Exercise Medicine}},
  issn = {0306-3674, 1473-0480},
  doi = {10.1136/bjsports-2015-095798},
  number = {1},
  pmid = {27531522}
}

@misc{usepa2020,
  title = {Air Data -- Daily Air Quality Tracker},
  author = "{US Environmental Protection Agency}",
  url = {https://www.epa.gov/outdoor-air-quality-data/air-data-daily-air-quality-tracker}
}

@misc{imdb,
  title = {{{IMDb}} Movies Extensive Dataset},
 year = {2016},
  url = {https://kaggle.com/stefanoleone992/imdb-extensive-dataset}
}


@misc{weather,
  title = {National Weather Service -- {NWS} Billings},
  author = "{National Weather Service Corporate Image Web Team}",
  url = {https://w2.weather.gov/climate/xmacis.php?wfo=byz}
}

@misc{ipeds,
 title = {IPEDS},
 author = {National Center for Education Statistics},
 year = {2018},
 url = {https://nces.ed.gov/ipeds/}
}

@misc{islands,
 title = {Islands in Schools Project},
 author = {Bulmer, M},
 url = {https://sites.google.com/site/islandsinschoolsprojectwebsite/home}
}

@article{hamblin2007,
 title = {Social evaluation by preverbal infants},
 author = {Hamblin, J.K. and Wynn, K. and Bloom, P.},
 year = {2007},
 volume = {450},
 pages = {557--559},
 journal = {Nature},
 number = {6288}
}

@article{darley1973,
 title = {"From Jerusalem to Jericho": A study of situational and dispositional variables in helping behavior},
 author = {Darley, J.M. and Batson, C.D.},
 year = {1973},
 volume = {27},
 pages = {100--108},
 journal = {Journal of Personality and Social Psychology}
}

@article{hutchison2013,
 title = {Upper extremity injuies in Homer's Iliad},
 author = {Hutchison, R.L. and Hirthler, M.A.},
 year = {2013},
 volume = {38},
 pages = {1790--1793},
 journal = {Journal of Hand Surgery (American Volume)},
pmid = {23932117}
}

@article{zeitler2012,
 title = {A clinical trial to maintain glycemic control in youth with type 2 diabetes},
 author = {TODAY Study Group},
 year = {2012},
 volume = {366},
 pages = {2247--2256},
 journal = {New England Journal of Medicine},
pmid = {22540912}
}

@article{stroop1935,
 title = {Studies of interference in serial verbal reactions},
 author = {Stroop, J.R.},
 year = {1935},
 volume = {18},
 pages = {643--662},
 journal = {Journal of Experimental Psychology},
}

@article{stephens2020,
 title = {Swearing as a response to pain: assessing hypoalgesic effects of novel "swear" words},
 author = {Stephens, R. and Robertson, O.},
 year = {2020},
 volume = {11},
 pages = {643--662},
 journal = {Frontiers in Psychology},
}

@misc{pga,
 title = {Average driving distance and fairway accuracy},
year = {2008},
url= {https://www.pga.com/ and https://www.lpga.com/}
}

@article{keating2021,
  title = {Coronavirus infections dropping where people are vaccinated, rising where they are not, Post analysis finds},
  author = {Keating, D. and Ahmed, N. and Nirappil, F. and Stanley-Becker, I., and Bernstein, L.},
  year = {2021},
  journal = {Washington Post},
  url = {https://www.washingtonpost.com/health/2021/06/14/covid-cases-vaccination-rates/},
}

@misc{titanic,
 title = {Titanic},
 url = {http://www.encyclopedia-titanica.org},
}

@misc{cdchospitalization,
 title = {Rates of laboratory-confimed COVID-19 hospitalizations by vaccination status},
 publisher = {CDC},
 year = {2021},
 url = {https://covid.cdc.gov/covid-data-tracker/#covidnet-hospitalizations-vaccination},
}

@misc{covidvaccinetracker,
 title = {US COVID-19 vaccine tracker:  See your state's progress},
 publisher = {Mayo Clinic},
 year = {2021},
 url = {https://www.mayoclinic.org/coronavirus-covid-19/vaccine-tracker},
}

@article{porath2017,
 title = {Does Rudeness Really Matter? The Effects of Rudeness on Task Performance and Helpfulness},
 author = {Porath, C., Erez, A.},
 year = {2017},
 volume = {50},
 pages = {},
 journal = {Academy of Management Journal},
}

@article{wilson2016,
title = {Vertebral Adaptations to Large Body Size in Theropod Dinosaurs},
author = {Wilson, J.P., Woodruff, D.C., Gardner, J.D., Flora, H.M., Horner, J.R., Organ, C.L.},
year = {2016},
volume = {11(7)},
journal = {PLoS ONE},
}

@article{obrien2019,
title = {Crocodylian Head Width Allometry and Phylogenetic Prediction of Body Size in Extinct Crocodyliforms},
author = {O'Brien, H.D., Lynch, L.M., Vliet, K.A, Brueggen, J., Erickson, G.M., Gignac, P.M.},
year = {2019},
volume = {1},
journal = {Integrative Organismal Biology},
}

@article{WashPost2022,
 title = {Older people who get covid are at increased risk of getting shingles},
 year = {2022},
 url ={https://www.washingtonpost.com/health/2022/04/19/shingles-and-covid-over-50/.}
}

@misc{bts,
title={Bureau of Transportation Statistics},
year = {2019},
url ={https://www.bts.gov/},
}

@misc{physhealth,
title={Physician's Health Study},
url = {https://phs.bwh.harvard.edu/},
}

@article{levin2000,
title = {Race as a visual feature: Using visual search and perceptual discrimination tasks to understand face categories and the cross-race recognition deficit.},
author = {Levin, D.T.},
year = {2000},
volume = {129(4)},
journal = {Journal of Experimental Psychology},
}

@misc{babies,
title = {Child Health and Development Studies},
url = {https://www.chdstudies.org/},
}

@article{laeng2007,
title = {Why Do Blue-Eyed Men Prefer Women with the Same Eye Color?},
author = {Laeng, B.,  Mathisen, R., Johnsen, J.-A.},
year = {2007},
volume ={61(3)}, 
journal = {Behavioral Ecology and Sociobiology},
}

@article{Weiss1988,
title = {Relapse to Cocaine Abuse After Initiating Desipramine Treatment.},
author = {Weiss, R.D},
year = {1988},
volume = {260(17)},
journal = {JAMA},
}

@misc{gbmarried,
title = {Great Britain married couples: Great Britain Office of Population Census and Surveys},
url = {https://discovery.nationalarchives.gov.uk/details/r/C13351},
}

@article{miller1956,
title = {The magical number seven, plus or minus two: Some limits on our capacity for processing information.},
author = {Miller, G.A.},
year = {1956},
volume = {63(2)},
journal = {Psychological Review},
}

@article{davis2020,
title = {A poor substitute for the real thing: captive-reared monarch butterflies are weaker, paler and have less elongated wings than wild migrants},
author = {Davis, A.K., Smith, F.A, Ballew, A.M.},
year = {2020},
volume = {16},
journal = {Biology Letters},
}

@misc{ocean,
title = {Ocean Temperature and Salinity Study},
url = {https://calcofi.org/},
}

@article{doit2015,
title = {Randomized Trial of Peanut Consumption in Infants at Risk for Peanut Allergy},
author = {Du Toit, G., et al},
year = {2015},
volume = {372},
journal = {New England Journal of Medicine},
}

@article{bhavsar2022,
title = {Increased Risk of Herpes Zoster in Adults â‰¥50 Years Old Diagnosed With COVID-19 in the United States},
author = {Bhavsar, A., et al},
year = {2022},
volume = {9(5)},
journal = {Open Forum Infectious Diseases},
}

@article{edmunds2016,
title = {Chronic Wasting Disease Drives Population Decline of White-Tailed Deer},
author = {Edmunds, D., et al},
year = {2016},
volume = {11(8)},
journal = {PLoS ONE},
}

@article{wahlstrom2014,
title = {Examining the Impact of Later School Start Times on the Health and Academic Performance of High School Students: A Multi-Site Study},
author = {Wahlstrom, K., et al},
year = {2014},
journal = {Center for Applied Research and Educational Improvement},
}

@article{pew2022,
 title = {More Americans are joining the 'cashless' economy},
 year = {2022},
 url ={https://www.pewresearch.org/short-reads/2022/10/05/more-americans-are-joining-the-cashless-economy/.}
}

@article{banton2022,
title = {Jog with your dog: Dog owner exercise routines predict dog exercise routines and perception of ideal body weight},
author = {Banton, S., et al},
year = {2022},
volume = {17(8)},
journal = {PLoS ONE},
}

@article{subach2022,
title = {Foraging behaviour, habitat use and population size of the desert horned viper in the Negev desert},
author = {Subach, A., et al},
year = {2022},
volume = {9},
journal = {Soc.Open  Sci},
}

@article{madden2020,
title = {Ready student one: Exploring the predictors of student learning in virtual reality.},
author = {Madden, J., et al},
year = {2020},
volume = {15(3)},
journal = {PLoS ONE},
}

@misc{kalra2022,
	title={Trustworthiness of Indian Youtubers},
	url={https://www.kaggle.com/dsv/4426566},
	DOI={10.34740/KAGGLE/DSV/4426566},
	publisher={Kaggle},
	author={Kalra, Dl., et al.},
year={2022}
}

@article{watson2015,
title={Recommended Amount of Sleep for a Heathy Adult: A Joint Consensus Statement of the American Academy of Sleep Medicine and Sleep Research Society},
author = {Watson, N., et al.},
year = {2015},
volume = {38(6)},
journal = {Sleep},
}